@ARTICLE{Aigrain2002,
       author = {{Aigrain}, S. and {Favata}, F.},
        title = "{Bayesian detection of planetary transits. A modified version of the Gregory-Loredo method for Bayesian periodic signal detection}",
      journal = {\aap},
     keywords = {planetary systems, occultations, methods: data analysis, Astrophysics},
         year = 2002,
        month = nov,
       volume = {395},
        pages = {625-636},
          doi = {10.1051/0004-6361:20021290},
archivePrefix = {arXiv},
       eprint = {astro-ph/0209179},
 primaryClass = {astro-ph},
       adsurl = {https://ui.adsabs.harvard.edu/abs/2002A&A...395..625A},
      adsnote = {Provided by the SAO/NASA Astrophysics Data System}
}

@ARTICLE{Wolszczan1992,
       author = {{Wolszczan}, A. and {Frail}, D.~A.},
        title = "{A planetary system around the millisecond pulsar PSR1257 + 12}",
      journal = {\nat},
     keywords = {Binary Stars, Extrasolar Planets, Orbital Mechanics, Planetary Systems, Pulsars, Accretion Disks, Least Squares Method, Neutron Stars, Radio Astronomy, Supernova Remnants, Astrophysics},
         year = 1992,
        month = jan,
       volume = {355},
       number = {6356},
        pages = {145-147},
          doi = {10.1038/355145a0},
       adsurl = {https://ui.adsabs.harvard.edu/abs/1992Natur.355..145W},
      adsnote = {Provided by the SAO/NASA Astrophysics Data System}
}

@ARTICLE{Charbonneau2000,
       author = {{Charbonneau}, David and {Brown}, Timothy M. and {Latham}, David W. and {Mayor}, Michel},
        title = "{Detection of Planetary Transits Across a Sun-like Star}",
      journal = {\apjl},
         year = 2000,
        month = jan,
       volume = {529},
       number = {1},
        pages = {L45-L48},
          doi = {10.1086/312457},
archivePrefix = {arXiv},
       eprint = {astro-ph/9911436},
 primaryClass = {astro-ph},
       adsurl = {https://ui.adsabs.harvard.edu/abs/2000ApJ...529L..45C},
      adsnote = {Provided by the SAO/NASA Astrophysics Data System}
}

@ARTICLE{Kovac2002,
       author = {{Kov{\'a}cs}, G. and {Zucker}, S. and {Mazeh}, T.},
        title = "{A box-fitting algorithm in the search for periodic transits}",
      journal = {\aap},
     keywords = {methods: data analysis, stars: variables: general, stars: planetary systems, occultations, Astrophysics},
         year = 2002,
        month = aug,
       volume = {391},
        pages = {369-377},
          doi = {10.1051/0004-6361:20020802},
archivePrefix = {arXiv},
       eprint = {astro-ph/0206099},
 primaryClass = {astro-ph},
       adsurl = {https://ui.adsabs.harvard.edu/abs/2002A&A...391..369K},
      adsnote = {Provided by the SAO/NASA Astrophysics Data System}
}


@article{Grziwa2012,
       author = {{Grziwa}, S. and {P{\"a}tzold}, M. and {Carone}, L.},
        title = "{The needle in the haystack: searching for transiting extrasolar planets in CoRoT stellar light curves}",
      journal = {\mnras},
         year = 2012,
        month = feb,
       volume = {420},
       number = {2},
        pages = {1045-1052},
          doi = {10.1111/j.1365-2966.2011.19970.x}
}


@ARTICLE{Coughlin_2016,
       author = {{Coughlin}, Jeffrey L. and {Mullally}, F. and {Thompson}, Susan E. and {Rowe}, Jason F. and {Burke}, Christopher J. and {Latham}, David W. and {Batalha}, Natalie M. and {Ofir}, Aviv and {Quarles}, Billy L. and {Henze}, Christopher E. and {Wolfgang}, Angie and {Caldwell}, Douglas A. and {Bryson}, Stephen T. and {Shporer}, Avi and {Catanzarite}, Joseph and {Akeson}, Rachel and {Barclay}, Thomas and {Borucki}, William J. and {Boyajian}, Tabetha S. and {Campbell}, Jennifer R. and {Christiansen}, Jessie L. and {Girouard}, Forrest R. and {Haas}, Michael R. and {Howell}, Steve B. and {Huber}, Daniel and {Jenkins}, Jon M. and {Li}, Jie and {Patil-Sabale}, Anima and {Quintana}, Elisa V. and {Ramirez}, Solange and {Seader}, Shawn and {Smith}, Jeffrey C. and {Tenenbaum}, Peter and {Twicken}, Joseph D. and {Zamudio}, Khadeejah A.},
        title = "{Planetary Candidates Observed by Kepler. VII. The First Fully Uniform Catalog Based on the Entire 48-month Data Set (Q1-Q17 DR24)}",
      journal = {\apjs},
     keywords = {catalogs, planetary systems, planets and satellites: detection, stars: statistics, surveys, techniques: photometric, Astrophysics - Earth and Planetary Astrophysics},
         year = 2016,
        month = may,
       volume = {224},
       number = {1},
          eid = {12},
        pages = {12},
          doi = {10.3847/0067-0049/224/1/12},
archivePrefix = {arXiv},
       eprint = {1512.06149},
 primaryClass = {astro-ph.EP},
       adsurl = {https://ui.adsabs.harvard.edu/abs/2016ApJS..224...12C},
      adsnote = {Provided by the SAO/NASA Astrophysics Data System}
}

@ARTICLE{Catanzarite_2015,
       author = {{Catanzarite}, Joseph},
        title = "{Autovetter Planet Candidate Catalog for Q1-Q17 Data Release 24}",
      journal = {Astronomy and Astrophysics},
         year = 2015,
        month = jul,
}

@article{McCauliff_2015,
	doi = {10.1088/0004-637x/806/1/6},

	year = 2015,
	month = {jun},
  
	publisher = {American Astronomical Society},
  
	volume = {806},
  
	number = {1},
  
	pages = {6},
  
	author = {Sean D. McCauliff and Jon M. Jenkins and Joseph Catanzarite and Christopher J. Burke and Jeffrey L. Coughlin and Joseph D. Twicken and Peter Tenenbaum and Shawn Seader and Jie Li and Miles Cote},
  
	title = {{AUTOMATIC} {CLASSIFICATION} {OF}$\less$i$\greater${KEPLER}$\less$/i$\greater${PLANETARY} {TRANSIT} {CANDIDATES}
},
  
	journal = {The Astrophysical Journal}
}

@article{Armstrong_2015,
	doi = {10.1093/mnras/stv2836},

  
	year = 2015,
	month = {dec},
  
	publisher = {Oxford University Press ({OUP})},
  
	volume = {456},
  
	number = {2},
  
	pages = {2260--2272},
  
	author = {D. J. Armstrong and J. Kirk and K. W. F. Lam and J. McCormac and H. P. Osborn and J. Spake and S. Walker and D. J. A. Brown and M. H. Kristiansen and D. Pollacco and R. West and P. J. Wheatley},
  
	title = {K2 variable catalogue {\textendash} {II}. Machine learning classification of variable stars and eclipsing binaries in K2 fields 0{\textendash}4},
  
	journal = {Monthly Notices of the Royal Astronomical Society}
}

@ARTICLE{Stumpe2014,
       author = {{Stumpe}, Martin C. and {Smith}, Jeffrey C. and {Catanzarite}, Joseph H. and {Van Cleve}, Jeffrey E. and {Jenkins}, Jon M. and {Twicken}, Joseph D. and {Girouard}, Forrest R.},
        title = "{Multiscale Systematic Error Correction via Wavelet-Based Bandsplitting in Kepler Data}",
      journal = {\pasp},
         year = 2014,
        month = jan,
       volume = {126},
       number = {935},
        pages = {100},
          doi = {10.1086/674989},
       adsurl = {https://ui.adsabs.harvard.edu/abs/2014PASP..126..100S},
      adsnote = {Provided by the SAO/NASA Astrophysics Data System}
}

@ARTICLE{Pearson2018,
       author = {{Pearson}, Kyle A. and {Palafox}, Leon and {Griffith}, Caitlin A.},
        title = "{Searching for exoplanets using artificial intelligence}",
      journal = {\mnras},
     keywords = {Astrophysics - Instrumentation and Methods for Astrophysics, Astrophysics - Earth and Planetary Astrophysics},
         year = 2018,
        month = feb,
       volume = {474},
       number = {1},
        pages = {478-491},
          doi = {10.1093/mnras/stx2761},
archivePrefix = {arXiv},
       eprint = {1706.04319},
 primaryClass = {astro-ph.IM},
       adsurl = {https://ui.adsabs.harvard.edu/abs/2018MNRAS.474..478P},
      adsnote = {Provided by the SAO/NASA Astrophysics Data System}
}

@article{Shallue_2018,
	doi = {10.3847/1538-3881/aa9e09},
	year = 2018,
	month = {jan},
	publisher = {American Astronomical Society},
	volume = {155},
	number = {2},
	pages = {94},
	author = {Christopher J. Shallue and Andrew Vanderburg},
	title = {Identifying Exoplanets with Deep Learning: A Five-planet Resonant Chain around Kepler-80 and an Eighth Planet around Kepler-90},
	journal = {The Astronomical Journal}
}

@article{Schanche_2018,
	doi = {10.1093/mnras/sty3146},
  
	year = 2018,
	month = {nov},
  
	publisher = {Oxford University Press ({OUP})},
  
	volume = {483},
  
	number = {4},
  
	pages = {5534--5547},
  
	author = {N Schanche and A Collier Cameron and G H{\'{e}
}brard and L Nielsen and A H M J Triaud and J M Almenara and K A Alsubai and D R Anderson and D J Armstrong and S C C Barros and F Bouchy and P Boumis and D J A Brown and F Faedi and K Hay and L Hebb and F Kiefer and L Mancini and P F L Maxted and E Palle and D L Pollacco and D Queloz and B Smalley and S Udry and R West and P J Wheatley},
  
	title = {Machine-learning approaches to exoplanet transit detection and candidate validation in wide-field ground-based surveys},
  
	journal = {Monthly Notices of the Royal Astronomical Society}
}

@ARTICLE{Zucker2018,
       author = {{Zucker}, Shay and {Giryes}, Raja},
        title = "{Shallow Transits{\textemdash}Deep Learning. I. Feasibility Study of Deep Learning to Detect Periodic Transits of Exoplanets}",
      journal = {\aj},
     keywords = {methods: data analysis, planetary systems, planets and satellites: detection, planets and satellites: terrestrial planets, stars: activity, Astrophysics - Instrumentation and Methods for Astrophysics},
         year = 2018,
        month = apr,
       volume = {155},
       number = {4},
          eid = {147},
        pages = {147},
          doi = {10.3847/1538-3881/aaae05},
archivePrefix = {arXiv},
       eprint = {1711.03163},
 primaryClass = {astro-ph.IM},
       adsurl = {https://ui.adsabs.harvard.edu/abs/2018AJ....155..147Z},
      adsnote = {Provided by the SAO/NASA Astrophysics Data System}
}

@article{Chintarungruangchai_2019,
	doi = {10.1088/1538-3873/ab13d3},
  
	year = 2019,
	month = {may},
  
	publisher = {{IOP} Publishing},
  
	volume = {131},
  
	number = {1000},
  
	pages = {064502},
  
	author = {Pattana Chintarungruangchai and Ing-Guey Jiang},
  
	title = {Detecting Exoplanet Transits through Machine-learning Techniques with Convolutional Neural Networks},
  
	journal = {Publications of the Astronomical Society of the Pacific}
}

@article{Ricker2015,
       author = {{Ricker}, George R. and {Winn}, Joshua N. and {Vanderspek}, Roland and {Latham}, David W. and {Bakos}, G{\'a}sp{\'a}r {\'A}. and {Bean}, Jacob L. and {Berta-Thompson}, Zachory K. and {Brown}, Timothy M. and {Buchhave}, Lars and {Butler}, Nathaniel R. and {Butler}, R. Paul and {Chaplin}, William J. and {Charbonneau}, David and {Christensen-Dalsgaard}, J{\o}rgen and {Clampin}, Mark and {Deming}, Drake and {Doty}, John and {De Lee}, Nathan and {Dressing}, Courtney and {Dunham}, Edward W. and {Endl}, Michael and {Fressin}, Francois and {Ge}, Jian and {Henning}, Thomas and {Holman}, Matthew J. and {Howard}, Andrew W. and {Ida}, Shigeru and {Jenkins}, Jon M. and {Jernigan}, Garrett and {Johnson}, John Asher and {Kaltenegger}, Lisa and {Kawai}, Nobuyuki and {Kjeldsen}, Hans and {Laughlin}, Gregory and {Levine}, Alan M. and {Lin}, Douglas and {Lissauer}, Jack J. and {MacQueen}, Phillip and {Marcy}, Geoffrey and {McCullough}, Peter R. and {Morton}, Timothy D. and {Narita}, Norio and {Paegert}, Martin and {Palle}, Enric and {Pepe}, Francesco and {Pepper}, Joshua and {Quirrenbach}, Andreas and {Rinehart}, Stephen A. and {Sasselov}, Dimitar and {Sato}, Bun'ei and {Seager}, Sara and {Sozzetti}, Alessandro and {Stassun}, Keivan G. and {Sullivan}, Peter and {Szentgyorgyi}, Andrew and {Torres}, Guillermo and {Udry}, Stephane and {Villasenor}, Joel},
        title = "{Transiting Exoplanet Survey Satellite (TESS)}",
      journal = {Journal of Astronomical Telescopes, Instruments, and Systems},
         year = 2015,
        month = jan,
       volume = {1},
          eid = {014003},
        pages = {014003},
          doi = {10.1117/1.JATIS.1.1.014003},
       adsurl = {https://ui.adsabs.harvard.edu/abs/2015JATIS...1a4003R},
      adsnote = {Provided by the SAO/NASA Astrophysics Data System}
}

@article{Batalha_2010,
	doi = {10.1088/2041-8205/713/2/l109},
  	year = 2010,
	month = {mar},
  	publisher = {American Astronomical Society},
  	volume = {713},
  	number = {2},
  	pages = {L109--L114},
	author = {Natalie M. Batalha and William J. Borucki and David G. Koch and Stephen T. Bryson and Michael.R. Haas and Timothy M. Brown and Douglas A. Caldwell and Jennifer R. Hall and Ronald L. Gilliland and David W. Latham and Soren Meibom and David G. Monet},
	title = {{SELECTION},
   {PRIORITIZATION},
   {AND} {CHARACTERISTICS} {OF} $\less$i$\greater${KEPLER}$\less$/i$\greater$ {TARGET} {STARS}},
	journal = {The Astrophysical Journal}
 }

@ARTICLE{Jenkins2010,
       author = {{Jenkins}, Jon M. and {Caldwell}, Douglas A. and {Chandrasekaran}, Hema and {Twicken}, Joseph D. and {Bryson}, Stephen T. and {Quintana}, Elisa V. and {Clarke}, Bruce D. and {Li}, Jie and {Allen}, Christopher and {Tenenbaum}, Peter and {Wu}, Hayley and {Klaus}, Todd C. and {Middour}, Christopher K. and {Cote}, Miles T. and {McCauliff}, Sean and {Girouard}, Forrest R. and {Gunter}, Jay P. and {Wohler}, Bill and {Sommers}, Jeneen and {Hall}, Jennifer R. and {Uddin}, AKM K. and {Wu}, Michael S. and {Bhavsar}, Paresh A. and {Van Cleve}, Jeffrey and {Pletcher}, David L. and {Dotson}, Jessie A. and {Haas}, Michael R. and {Gilliland}, Ronald L. and {Koch}, David G. and {Borucki}, William J.},
        title = "{Overview of the Kepler Science Processing Pipeline}",
      journal = {\apjl},
     keywords = {methods: data analysis, techniques: photometric, Astrophysics - Earth and Planetary Astrophysics},
         year = 2010,
        month = apr,
       volume = {713},
       number = {2},
        pages = {L87-L91},
          doi = {10.1088/2041-8205/713/2/L87},
archivePrefix = {arXiv},
       eprint = {1001.0258},
 primaryClass = {astro-ph.EP},
       adsurl = {https://ui.adsabs.harvard.edu/abs/2010ApJ...713L..87J},
      adsnote = {Provided by the SAO/NASA Astrophysics Data System}
}

@article{Thompson_2016,
	year = 2016,
	month = {may},
	publisher = {Space Sciences Institude},
	author = {Thompson, Susan and Fraquelli, Dorothy and van Cleve, Jeffrey E. and Caldwell, Douglas A. },
	title = {Kepler: A Search for Terrestrial Planets (Kepler Archive Manual)},
}

@ARTICLE{arnold2005,
       author = {{Arnold}, Luc F.~A.},
        title = "{Transit Light-Curve Signatures of Artificial Objects}",
      journal = {\apj},
     keywords = {Extraterrestrial Intelligence, Stars: Planetary Systems, Astrophysics},
         year = 2005,
        month = jul,
       volume = {627},
       number = {1},
        pages = {534-539},
          doi = {10.1086/430437},
archivePrefix = {arXiv},
       eprint = {astro-ph/0503580},
 primaryClass = {astro-ph},
       adsurl = {https://ui.adsabs.harvard.edu/abs/2005ApJ...627..534A},
      adsnote = {Provided by the SAO/NASA Astrophysics Data System}
}

@article{kipping2016,
	adsnote = {Provided by the SAO/NASA Astrophysics Data System},
	adsurl = {http://adsabs.harvard.edu/abs/2016MNRAS.459.1233K},
	archiveprefix = {arXiv},
	author = {{Kipping}, D.~M. and {Teachey}, A.},
	date-added = {2018-05-03 23:38:44 +0000},
	date-modified = {2018-05-03 23:38:47 +0000},
	doi = {10.1093/mnras/stw672},
	eprint = {1603.08928},
	journal = {\mnras},
	keywords = {extraterrestrial intelligence, planetary systems},
	month = jun,
	pages = {1233-1241},
	primaryclass = {astro-ph.EP},
	title = {{A cloaking device for transiting planets}},
	volume = 459,
	year = 2016,
	bdsk-file-1 = {YnBsaXN0MDDSAQIDBFxyZWxhdGl2ZVBhdGhZYWxpYXNEYXRhXxAnZG9jcy9yZWZlcmVuY2VzL1BhcGVycy9raXBwaW5nLzIwMTYucGRmTxEBaAAAAAABaAACAAAMTWFjaW50b3NoIEhEAAAAAAAAAAAAAAAAAAAAAAAAAEJEAAH/////CDIwMTYucGRmAAAAAAAAAAAAAAAAAAAAAAAAAAAAAAAAAAAAAAAAAAAAAAAAAAAAAAAAAAAAAAAAAAAAAAAAAP////8AAAAAAAAAAAAAAAAAAQAGAAAKIGN1AAAAAAAAAAAAAAAAAAdraXBwaW5nAAACAD0vOlVzZXJzOmphbWVzOkRyb3Bib3g6ZG9jczpyZWZlcmVuY2VzOlBhcGVyczpraXBwaW5nOjIwMTYucGRmAAAOABIACAAyADAAMQA2AC4AcABkAGYADwAaAAwATQBhAGMAaQBuAHQAbwBzAGgAIABIAEQAEgA7VXNlcnMvamFtZXMvRHJvcGJveC9kb2NzL3JlZmVyZW5jZXMvUGFwZXJzL2tpcHBpbmcvMjAxNi5wZGYAABMAAS8AABUAAgAM//8AAAAIAA0AGgAkAE4AAAAAAAACAQAAAAAAAAAFAAAAAAAAAAAAAAAAAAABug==},
	bdsk-url-1 = {https://dx.doi.org/10.1093/mnras/stw672}
 }

 @article{Ansdell_2018,
	doi = {10.3847/2041-8213/aaf23b},
	year = 2018,
	month = {dec},
  
	publisher = {American Astronomical Society},
  
	volume = {869},
  
	number = {1},
  
	pages = {L7},
  
	author = {Megan Ansdell and Yani Ioannou and Hugh P. Osborn and Michele Sasdelli and Jeffrey C. Smith and Douglas Caldwell and Jon M. Jenkins and Chedy Räissi and Daniel Angerhausen and   and},
  
	title = {Scientific Domain Knowledge Improves Exoplanet Transit Classification with Deep Learning},
  
	journal = {The Astrophysical Journal}
}

@article{Yu_2019,
	doi = {10.3847/1538-3881/ab21d6},
  
	year = 2019,
	month = {jun},
  
	publisher = {American Astronomical Society},
  
	volume = {158},
  
	number = {1},
  
	pages = {25},
  
	author = {Liang Yu and Andrew Vanderburg and Chelsea Huang and Christopher J. Shallue and Ian J. M. Crossfield and B. Scott Gaudi and Tansu Daylan and Anne Dattilo and David J. Armstrong and George R. Ricker and Roland K. Vanderspek and David W. Latham and Sara Seager and Jason Dittmann and John P. Doty and Ana Glidden and Samuel N. Quinn},
  
	title = {Identifying Exoplanets with Deep Learning. {III}. Automated Triage and Vetting of $\less$i$\greater${TESS}$\less$/i$\greater$ Candidates},
  
	journal = {The Astronomical Journal}
}

@article{Malik_2021,
	doi = {10.1093/mnras/stab3692},
	year = 2021,
	month = {dec},
  
	publisher = {Oxford University Press ({OUP})},
  
	author = {Abhishek Malik and Benjamin P Moster and Christian Obermeier},
  
	title = {Exoplanet detection using machine learning},
  
	journal = {Monthly Notices of the Royal Astronomical Society}
}